@article{chaurasia2017data,
  title={Data mining techniques: To predict and resolve breast cancer survivability},
  author={Chaurasia, Vikas and Pal, Saurabh},
  year={2017}
}


